%% This BibTeX bibliography file was created using BibDesk.
%% http://bibdesk.sourceforge.net/


%% Created for Vadim Kotov at 2013-06-01 15:23:00 +0600 


%% Saved with string encoding Unicode (UTF-8) 



@misc{pi4soa,
	Date-Added = {2013-06-01 08:10:44 +0000},
	Date-Modified = {2013-06-01 08:11:14 +0000},
	Title = {Pi4soa, \url{http://www.pi4soa.org/}}}

@misc{polyglot,
	Date-Added = {2013-06-01 08:09:58 +0000},
	Date-Modified = {2013-06-01 08:10:42 +0000},
	Title = {Polyglot --- a compiler front and framework for building Java language extensions, \url{http://www.cs.cornell.edu/Projects/polyglot/}}}

@book{algebra-com-proc,
	Author = {J. A. Bergstra and J. W. Klop},
	Date-Added = {2013-06-01 08:09:02 +0000},
	Date-Modified = {2013-06-01 08:09:52 +0000},
	Publisher = {Theoretical Computer Science},
	Title = {Algebra of Communicating Processes},
	Year = {1985}}

@article{wssp-reference,
	Author = {K. Bhargavan and C. Fournet and A. Gordon},
	Date-Added = {2013-06-01 08:08:07 +0000},
	Date-Modified = {2013-06-01 08:08:59 +0000},
	Journal = {WS-FM},
	Title = {Verified Reference Implementations of WS-Security Protocols},
	Year = {2006}}

@article{type-inference,
	Author = {F. Carbone and M. Coppo},
	Date-Added = {2013-06-01 08:07:10 +0000},
	Date-Modified = {2013-06-01 08:07:55 +0000},
	Journal = {Inf. Comput},
	Title = {Type inference with recursive types: Syntax And Semantics},
	Year = {1991}}

@article{acalc-global-session-types,
	Author = {M. Carbone},
	Date-Added = {2013-06-01 08:06:01 +0000},
	Date-Modified = {2013-06-01 08:06:47 +0000},
	Journal = {Electronic notes},
	Title = {A Calculus of Global Session Types},
	Year = {2006}}

@misc{amqp,
	Date-Added = {2013-06-01 08:05:16 +0000},
	Date-Modified = {2013-06-01 08:05:55 +0000},
	Title = {Advanced Message Queueing protocols (AMQP), \url{http://jira.amqp.org/confluence/display/AMQP/Advanced+Message+Queuing+Protocol}}}

@article{dccp,
	Author = {E. Kohler and S. Floyd},
	Date-Added = {2013-06-01 08:03:41 +0000},
	Date-Modified = {2013-06-01 08:04:38 +0000},
	Journal = {SIGCOMM Comput. Commun},
	Pages = {27-38},
	Title = {Designing DCCP: congestion control without reliability},
	Year = {2006}}

@misc{v3na,
	Author = {Rustem Kamun},
	Date-Added = {2013-06-01 08:02:47 +0000},
	Date-Modified = {2013-06-01 08:03:16 +0000},
	Title = {E-commerce cloud \url{http://v3na.com}},
	Year = {2013}}

@misc{thesis,
	Author = {Rustem Kamun},
	Date-Added = {2013-06-01 08:01:53 +0000},
	Date-Modified = {2013-06-01 08:02:40 +0000},
	Title = {Master-thesis, \url{https://github.com/Rustem/Master-thesis}}}

@book{poly-p-calc,
	Author = {R. Milner},
	Date-Added = {2013-06-01 08:00:58 +0000},
	Date-Modified = {2013-06-01 08:01:36 +0000},
	Publisher = {Springer-Verlag},
	Title = {The polyadic p-calculus},
	Year = {1993}}

@article{typing-and-subtyping,
	Author = {B. C. Pierce and D. Sangiorgi},
	Date-Added = {2013-06-01 07:59:41 +0000},
	Date-Modified = {2013-06-01 08:00:50 +0000},
	Journal = {Mathematical Structures in Computer Science},
	Pages = {409-453},
	Title = {Typing and subtyping for mobile processes},
	Year = {1996}}

@book{types-and-langs,
	Author = {B. C. Pierce},
	Date-Added = {2013-06-01 07:58:19 +0000},
	Date-Modified = {2013-06-01 07:59:36 +0000},
	Publisher = {MIT Press},
	Title = {Types and Programming Languages},
	Year = {2002}}

@article{pcalc-control,
	Author = {K. Honda and V. T. Vasconcelos},
	Date-Added = {2013-06-01 07:57:30 +0000},
	Date-Modified = {2013-06-01 07:58:14 +0000},
	Journal = {ACM-SIGPLAN Continuation},
	Title = {Control in the p-calculus},
	Year = {2004}}

@article{lang-primitives,
	Author = {K. Honda and V. T. Vasconcelos},
	Date-Added = {2013-06-01 07:56:45 +0000},
	Date-Modified = {2013-06-01 07:57:29 +0000},
	Journal = {ESOP'98},
	Pages = {122-138},
	Title = {Language primitives and type discipline for structured},
	Year = {1998}}

@article{com-centered-basis,
	Author = {M. Carbone},
	Date-Added = {2013-06-01 07:55:45 +0000},
	Date-Modified = {2013-06-01 07:56:39 +0000},
	Journal = {ACM New York},
	Title = {A Theoretical Basis of Communication-Centered Concurrent Programming},
	Year = {2012}}

@book{com-seq-proc,
	Author = {A. Abdallah and C. Jones and J. Sanders},
	Date-Added = {2013-06-01 07:54:39 +0000},
	Date-Modified = {2013-06-01 07:55:40 +0000},
	Title = {Communication Sequential Processes: The first 25 years}}

@article{essence-choreography,
	Author = {Z. Qiu and C. Cai and X. Zhao and H. Yang},
	Date-Added = {2013-06-01 07:52:48 +0000},
	Date-Modified = {2013-06-01 07:54:37 +0000},
	Journal = {Proceedings of the 16th international conference on World Wide Web},
	Pages = {973-982},
	Title = {Exploring the Essence of Choreography},
	Year = {2007}}

@misc{rest,
	Date-Added = {2013-06-01 07:52:15 +0000},
	Date-Modified = {2013-06-01 07:52:45 +0000},
	Title = {REST (Representational State Transfer), \url{http://www.ics.uci.edu/~fielding/pubs/dissertation/rest_arch_style.htm}}}

@misc{wsdlspec,
	Date-Added = {2013-06-01 07:51:42 +0000},
	Date-Modified = {2013-06-01 07:52:12 +0000},
	Title = {WSDL specification, \url{http://w3.org/TR/wsdl}}}

@misc{soap,
	Date-Added = {2013-06-01 07:50:48 +0000},
	Date-Modified = {2013-06-01 07:51:35 +0000},
	Title = {SOAP: Messaging framework, \url{http://w3.org/TR/soap12-part1/}},
	Year = {2007}}

@article{remote-proc-call,
	Author = {A. Birrell and B. Nelson},
	Date-Added = {2013-06-01 07:50:03 +0000},
	Date-Modified = {2013-06-01 07:50:46 +0000},
	Journal = {Software System Award citation},
	Title = {Remote Procedure Call},
	Year = {2011}}

@misc{zeromq,
	Date-Added = {2013-06-01 07:49:38 +0000},
	Date-Modified = {2013-06-01 07:49:59 +0000},
	Title = {ZeroMQ, \url{zeromq.org}}}

@misc{rabbitmq,
	Date-Added = {2013-06-01 07:49:08 +0000},
	Date-Modified = {2013-06-01 07:49:37 +0000},
	Title = {RabbitMQ, \url{http://rabbitmq.com}}}

@article{sj-framework,
	Author = {H. Raymond and Y. Nobuko and B. Andi and H. Kohei},
	Date-Added = {2013-06-01 07:48:03 +0000},
	Date-Modified = {2013-06-01 07:48:56 +0000},
	Journal = {CiteSteer},
	Title = {The SJ Framework For Transport-Independent, Type-Safe, Object-Oriented Communications Programming}}

@misc{engin-approach-to-networking,
	Date-Added = {2013-06-01 07:46:55 +0000},
	Date-Modified = {2013-06-01 07:47:54 +0000},
	Title = {Engineering Approach to Computer Networking, \url{http://www.informit.com/store/engineering-approach-to-computer-networking-atm-networks-9780201634426}}}

@article{structured-com-centered-prog,
	Author = {M. Carbone and H. Kohei and Y. Nobuko},
	Date-Added = {2013-06-01 07:44:46 +0000},
	Date-Modified = {2013-06-01 07:46:02 +0000},
	Journal = {ACM Transactions on Programming Languages and Systems},
	Title = {Structured Communication-Centered Programming for Web Services},
	Volume = {34},
	Year = {2012}}

@article{critical-ws-cdl,
	Author = {B. Alistair and D. Marlon and O. Phillipa },
	Date-Added = {2013-06-01 07:42:20 +0000},
	Date-Modified = {2013-06-01 07:43:50 +0000},
	Journal = {BPTrends},
	Title = {A Critical Overview of the Web Service Choreography Description Language (WS-CDL)},
	Year = {2005}}

@article{osw,
	Author = {A. Hoing},
	Date-Added = {2013-06-01 07:41:37 +0000},
	Date-Modified = {2013-06-01 07:44:04 +0000},
	Journal = {PhD Dissertation},
	Title = {Orchestrating secure workflows},
	Year = {2010}}

@article{sessionbdpinjava,
	Author = {H. Raymond and Y. Nobuko and H. Kohei},
	Date-Added = {2013-06-01 07:39:44 +0000},
	Date-Modified = {2013-06-01 07:44:21 +0000},
	Journal = {Proceedings of the 22nd European conference on Object-Oriented Programming},
	Pages = {516-541},
	Title = {Session-based Distibuted Programming in Java},
	Year = {2008}}

@book{comseqpro,
	Author = {C. Hoare },
	Date-Added = {2013-06-01 07:37:41 +0000},
	Date-Modified = {2013-06-01 07:43:58 +0000},
	Publisher = {Prentice Holl},
	Title = {Communicating Sequential Processes},
	Year = {1985}}

@article{wscdlprimer,
	Author = {Steve Ross-Talbot and Tony Fletcher},
	Date-Added = {2013-06-01 07:35:51 +0000},
	Date-Modified = {2013-06-01 07:37:35 +0000},
	Journal = {W3C},
	Title = {WS-CDL Primer},
	Year = {2006}}

@book{soaatoi,
	Author = {Matjaz B. Juric and Ramesh Loganathan and Poornachandra Sarang and Frank Jennings},
	Date-Added = {2013-06-01 07:19:45 +0000},
	Date-Modified = {2013-06-01 07:35:47 +0000},
	Publisher = {PACKT, Birmingham --- Mumbai},
	Title = {SOA Approach to Integration},
	Year = {2007}}
